<record><leader>00000cas a22000007a 4500</leader><controlfield tag="001">10518949</controlfield><controlfield tag="008">840314d19221960njudn ne      0    0eng d</controlfield><datafield ind1=" " ind2=" " tag="010"><subfield code="a">sn 84026624 </subfield></datafield><datafield ind1=" " ind2=" " tag="040"><subfield code="a">NPU</subfield><subfield code="b">eng</subfield><subfield code="c">NPU</subfield><subfield code="d">DLC</subfield><subfield code="d">NPA</subfield><subfield code="d">NJW</subfield><subfield code="d">DLC</subfield><subfield code="d">OCL</subfield><subfield code="d">CNW</subfield><subfield code="d">DLC</subfield><subfield code="d">OCLCO</subfield></datafield><datafield ind1="1" ind2=" " tag="029"><subfield code="a">AU@</subfield><subfield code="b">000022035097</subfield></datafield><datafield ind1=" " ind2=" " tag="042"><subfield code="a">msc</subfield></datafield><datafield ind1=" " ind2=" " tag="043"><subfield code="a">n-us-nj</subfield></datafield><datafield ind1="0" ind2="0" tag="050"><subfield code="a">Newspaper 7000</subfield></datafield><datafield ind1="0" ind2="0" tag="245"><subfield code="a">Bergen evening record.</subfield></datafield><datafield ind1="3" ind2="0" tag="246"><subfield code="a">Evening record</subfield></datafield><datafield ind1=" " ind2=" " tag="260"><subfield code="a">Hackensack, N.J. :</subfield><subfield code="b">Bergen Evening Record Corp.,</subfield><subfield code="c">1922-1960.</subfield></datafield><datafield ind1=" " ind2=" " tag="300"><subfield code="a">v.</subfield></datafield><datafield ind1=" " ind2=" " tag="310"><subfield code="a">Daily (except Sunday)</subfield></datafield><datafield ind1="0" ind2=" " tag="362"><subfield code="a">Vol. 27, no. 188 (Jan. 16, 1922)-v. 66, no. 84 (Sept. 13, 1960).</subfield></datafield><datafield ind1=" " ind2=" " tag="580"><subfield code="a">Issued eds. for different geographic locations called: East Bergen; West Bergen; Pascack Valley; Northern Valley; Rockland County.</subfield></datafield><datafield ind1=" " ind2="0" tag="651"><subfield code="a">Hackensack (N.J.)</subfield><subfield code="v">Newspapers.</subfield></datafield><datafield ind1=" " ind2="0" tag="651"><subfield code="a">Bergen County (N.J.)</subfield><subfield code="v">Newspapers.</subfield></datafield><datafield ind1=" " ind2="0" tag="651"><subfield code="a">Rockland County (N.J.)</subfield><subfield code="v">Newspapers.</subfield></datafield><datafield ind1=" " ind2=" " tag="752"><subfield code="a">United States</subfield><subfield code="b">New Jersey</subfield><subfield code="c">Bergen</subfield><subfield code="d">Hackensack.</subfield></datafield><datafield ind1="0" ind2="0" tag="780"><subfield code="t">Evening record (Hackensack, N.J. : 1920)</subfield><subfield code="w">(DLC)sn 85035989</subfield><subfield code="w">(OCoLC)12829908</subfield></datafield><datafield ind1="0" ind2="0" tag="785"><subfield code="t">Record (Hackensack, N.J.)</subfield><subfield code="w">(DLC)sn 84020452</subfield><subfield code="w">(OCoLC)10806291</subfield></datafield></record>